
@misc{_regulation_2016,
  title = {Regulation ({{EU}}) 2016/679 of the {{European Parliament}} and of the {{Council}} of 27 {{April}} 2016 on the Protection of Natural Persons with Regard to the Processing of Personal Data and on the Free Movement of Such Data, and Repealing {{Directive}} 95/46/{{EC}} ({{General Data Protection Regulation}}) ({{Text}} with {{EEA}} Relevance)},
  shorttitle = {{{GDPR}}},
  language = {en},
  number = {32016R0679},
  urldate = {2019-11-09},
  url = {http://data.europa.eu/eli/reg/2016/679/oj/eng},
  month = may,
  year = {2016}
}
% == BibTeX quality report for _regulation_2016:
% Missing required field 'author'
% Missing required field 'howpublished'

@misc{_data_2018,
  title = {Data {{Protection Act}} 2018},
  shorttitle = {{{DPA}}},
  urldate = {2019-11-09},
  url = {http://www.legislation.gov.uk/ukpga/2018/12/contents},
  year = {2018},
  file = {/home/stuart/Zotero/storage/M8WGFIFJ/contents.html}
}
% == BibTeX quality report for _data_2018:
% Missing required field 'author'
% Missing required field 'howpublished'
% ? Title looks like it was stored in title-case in Zotero

@misc{twitter_privacy_2018,
  title = {Privacy {{Policy}}},
  language = {en},
  urldate = {2019-11-09},
  url = {https://twitter.com/content/twitter-com/legal/en/privacy.html},
  author = {{Twitter}},
  month = may,
  year = {2018},
  file = {/home/stuart/Zotero/storage/INN4ESEU/privacy.html}
}
% == BibTeX quality report for twitter_privacy_2018:
% Missing required field 'howpublished'
% ? Title looks like it was stored in title-case in Zotero

@misc{support_personal_2019,
  title = {Personal Information and Ads on {{Twitter}}},
  language = {en},
  urldate = {2019-11-09},
  url = {https://help.twitter.com/en/information-and-ads},
  author = {Support, Twitter},
  month = oct,
  year = {2019},
  file = {/home/stuart/Zotero/storage/Q93EPTFQ/information-and-ads.html}
}
% == BibTeX quality report for support_personal_2019:
% Missing required field 'howpublished'

@misc{support_twitter_2019,
  type = {Tweet},
  title = {Twitter {{Support}}'s {{Apology Tweet}}},
  language = {en},
  urldate = {2019-11-09},
  journal = {@TwitterSupport},
  url = {https://twitter.com/TwitterSupport/status/1181661080033955840},
  author = {Support, Twitter},
  month = oct,
  year = {2019},
  file = {/home/stuart/Zotero/storage/2YUZXRGI/1181661080033955840.html}
}
% == BibTeX quality report for support_twitter_2019:
% Missing required field 'howpublished'
% ? Title looks like it was stored in title-case in Zotero

@article{venkatadri2019investigating,
  title = {Investigating Sources of {{PII}} Used in {{Facebook}}'s Targeted Advertising},
  volume = {2019},
  number = {1},
  journal = {Proceedings on Privacy Enhancing Technologies},
  author = {Venkatadri, Giridhari and Lucherini, Elena and Sapiezynski, Piotr and Mislove, Alan},
  year = {2019},
  pages = {227-244},
  publisher = {{Sciendo}}
}


