@book{release,
  author    = "Micheal T. Nygard", 
  title     = "Release It!", 
  publisher = "Andy Hunt", 
  year      = "2018"
}

